<?xml version="1.0" encoding="UTF-8"?><collection xmlns="http://www.loc.gov/MARC21/slim"><record><leader>00388nam--2200109-i-4500</leader><controlfield tag="001">000030347</controlfield><controlfield tag="002">20161230</controlfield><controlfield tag="005">20161230201038</controlfield><controlfield tag="008">060222s1000------------r-----000-0-eng-d</controlfield><datafield ind1=" " ind2=" " tag="245"><subfield code="a">Mesucora 1961.congres international.mesure-controle-regulation-automatisme.paris, du 9 au 15 mai 1961</subfield></datafield><datafield ind1=" " ind2=" " tag="260"><subfield code="a">Paris, Organ Des Nat. Unies Pour L`Education, La Science Et La Culture, 1961. 551p</subfield></datafield><datafield ind1=" " ind2=" " tag="852"><subfield code="a">18328</subfield></datafield></record></collection>